@article{kengne2018dynamical,
  title={Dynamical analysis of a novel single Opamp-based autonomous LC oscillator: antimonotonicity, chaos, and multiple attractors},
  author={Kengne, J and Tsafack, N and Kengne, L Kamdjeu},
  journal={International Journal of Dynamics and Control},
  volume={6},
  number={4},
  pages={1543--1557},
  year={2018},
  publisher={Springer}
}

@article{matsumoto1984simplest,
  title={Simplest chaotic nonautonomous circuit},
  author={Matsumoto, T and Chua, Leon O and Tanaka, S},
  journal={Physical Review A},
  volume={30},
  number={2},
  pages={1155},
  year={1984},
  publisher={APS}
}

@article{san2014simple,
  title={A simple RLCC-diode-opamp chaotic oscillator},
  author={San-Um, Wimol and Suksiri, Bandhit and Ketthong, Patinya},
  journal={International Journal of Bifurcation and Chaos},
  volume={24},
  number={12},
  pages={1450155},
  year={2014},
  publisher={World Scientific}
}

@article{pham2013simple,
  title={Simple memristive time-delay chaotic systems},
  author={Pham, Viet-Thanh and Buscarino, Arturo and Fortuna, Luigi and Frasca, Mattia},
  journal={International Journal of Bifurcation and Chaos},
  volume={23},
  number={04},
  pages={1350073},
  year={2013},
  publisher={World Scientific}
}

@article{lindberg2005smallest,
  title={The smallest transistor-based nonautonomous chaotic circuit},
  author={Lindberg, Erik and Murali, Krishnamurthy and Tamasevicius, Ar{\"u}nas},
  journal={IEEE Transactions on Circuits and Systems II: Express Briefs},
  volume={52},
  number={10},
  pages={661--664},
  year={2005},
  publisher={IEEE}
}

@article{tchitnga2012hartley,
  title={Hartleys oscillator: The simplest chaotic two-component circuit},
  author={Tchitnga, Robert and Fotsin, Hilaire Bertrand and Nana, Bonaventure and Fotso, Patrick Herv{\'e} Louodop and Woafo, Paul},
  journal={Chaos, Solitons \& Fractals},
  volume={45},
  number={3},
  pages={306--313},
  year={2012},
  publisher={Elsevier}
}

@article{wong2003combined,
  title={A combined chaotic cryptographic and hashing scheme},
  author={Wong, Kwok-Wo},
  journal={Physics letters A},
  volume={307},
  number={5-6},
  pages={292--298},
  year={2003},
  publisher={Elsevier}
}

@article{lai2018dynamic,
  title={Dynamic analysis, circuit realization, control design and image encryption application of an extended L{\"u} system with coexisting attractors},
  author={Lai, Qiang and Norouzi, Benyamin and Liu, Feng},
  journal={Chaos, Solitons \& Fractals},
  volume={114},
  pages={230--245},
  year={2018},
  publisher={Elsevier}
}

@article{belazi2017efficient,
  title={Efficient cryptosystem approaches: S-boxes and permutation--substitution-based encryption},
  author={Belazi, Akram and Khan, Majid and El-Latif, Ahmed A Abd and Belghith, Safya},
  journal={Nonlinear Dynamics},
  volume={87},
  number={1},
  pages={337--361},
  year={2017},
  publisher={Springer}
}

@article{belazi2017chaos,
  title={Chaos-based partial image encryption scheme based on linear fractional and lifting wavelet transforms},
  author={Belazi, Akram and El-Latif, Ahmed A Abd and Diaconu, Adrian-Viorel and Rhouma, Rhouma and Belghith, Safya},
  journal={Optics and Lasers in Engineering},
  volume={88},
  pages={37--50},
  year={2017},
  publisher={Elsevier}
}

@article{yang1997impulsive,
  title={Impulsive control and synchronization of nonlinear dynamical systems and application to secure communication},
  author={Yang, Tao and Chua, Leon O},
  journal={International Journal of Bifurcation and Chaos},
  volume={7},
  number={03},
  pages={645--664},
  year={1997},
  publisher={World Scientific}
}
@article{huijberts2000system,
  title={System identification in communication with chaotic systems},
  author={Huijberts, Henri and Nijmeijer, Henk and Willems, Rob},
  journal={IEEE Transactions on Circuits and Systems I: Fundamental Theory and Applications},
  volume={47},
  number={6},
  pages={800--808},
  year={2000},
  publisher={IEEE}
}

@article{chen2008unknown,
  title={Unknown input observer based chaotic secure communication},
  author={Chen, Maoyin and Min, Wang},
  journal={Physics Letters A},
  volume={372},
  number={10},
  pages={1595--1600},
  year={2008},
  publisher={Elsevier}
}
@article{nakamura2001chaotic,
  title={The chaotic mobile robot},
  author={Nakamura, Yoshihiko and Sekiguchi, Akinori},
  journal={IEEE Transactions on Robotics and Automation},
  volume={17},
  number={6},
  pages={898--904},
  year={2001},
  publisher={IEEE}
}
@article{brooks1986robust,
  title={A robust layered control system for a mobile robot},
  author={Brooks, Rodney},
  journal={IEEE journal on robotics and automation},
  volume={2},
  number={1},
  pages={14--23},
  year={1986},
  publisher={IEEE}
}
@article{volos2012chaotic,
  title={A chaotic path planning generator for autonomous mobile robots},
  author={Volos, Ch K and Kyprianidis, Ioannis M and Stouboulos, Ioannis N},
  journal={Robotics and Autonomous Systems},
  volume={60},
  number={4},
  pages={651--656},
  year={2012},
  publisher={Elsevier}
}
@article{hong1997generating,
  title={Generating chaotic secure sequences with desired statistical properties and high security},
  author={Hong, Zhou and Xieting, Ling},
  journal={International Journal of Bifurcation and Chaos},
  volume={7},
  number={01},
  pages={205--213},
  year={1997},
  publisher={World Scientific}
}

@article{bernstein1990secure,
  title={Secure random number generation using chaotic circuits},
  author={Bernstein, Greg Maurice and Lieberman, Michael A},
  journal={IEEE Transactions on Circuits and Systems},
  volume={37},
  number={9},
  pages={1157--1164},
  year={1990},
  publisher={IEEE}
}
@article{oishi1982pseudo,
  title={Pseudo-random number generators and chaos},
  author={OISHI, Shin'ichi and INOUE, Hajime},
  journal={IEICE TRANSACTIONS (1976-1990)},
  volume={65},
  number={9},
  pages={534--541},
  year={1982},
  publisher={The Institute of Electronics, Information and Communication Engineers}
}

@article{piper2010simple,
  title={Simple autonomous chaotic circuits},
  author={Piper, Jessica R and Sprott, Julien Clinton},
  journal={IEEE Transactions on Circuits and Systems II: Express Briefs},
  volume={57},
  number={9},
  pages={730--734},
  year={2010},
  publisher={IEEE}
}

@article{matsumoto1984chaotic,
  title={A chaotic attractor from Chua's circuit},
  author={Matsumoto, Takashi},
  journal={IEEE Transactions on Circuits and Systems},
  volume={31},
  number={12},
  pages={1055--1058},
  year={1984},
  publisher={IEEE}
}

@article{sprott2000simple,
  title={Simple chaotic systems and circuits},
  author={Sprott, Julien C},
  journal={American Journal of Physics},
  volume={68},
  number={8},
  pages={758--763},
  year={2000},
  publisher={AAPT}
}
@article{banerjee2010single,
  title={Single amplifier biquad based autonomous electronic oscillators for chaos generation},
  author={Banerjee, Tanmoy and Karmakar, B and Sarkar, BC},
  journal={Nonlinear Dynamics},
  volume={62},
  number={4},
  pages={859--866},
  year={2010},
  publisher={Springer}
}

@article{banerjee2012chaotic,
  title={Chaotic electronic oscillator from single amplifier biquad},
  author={Banerjee, Tanmoy and Karmakar, Biswajit and Sarkar, Bishnu Charan},
  journal={AEU-International Journal of Electronics and Communications},
  volume={66},
  number={7},
  pages={593--597},
  year={2012},
  publisher={Elsevier}
}

@book{chua1992genesis,
  title={The genesis of Chua's circuit},
  author={Chua, Leon O},
  year={1992},
  publisher={Electronics Research Laboratory, College of Engineering}
}
@article{yu2007generation,
  title={Generation of n$\times$ m-scroll attractors under a Chua-circuit framework},
  author={Yu, Simin and Tang, Wallace KS and Chen, Guanrong},
  journal={International Journal of Bifurcation and Chaos},
  volume={17},
  number={11},
  pages={3951--3964},
  year={2007},
  publisher={World Scientific}
}

@article{cruz1992cmos,
  title={A CMOS IC nonlinear resistor for Chua's circuit},
  author={Cruz, Jose M and Chua, Leon O},
  journal={IEEE Transactions on Circuits and Systems I: Fundamental Theory and Applications},
  volume={39},
  number={12},
  pages={985--995},
  year={1992},
  publisher={IEEE}
}

@article{elwakil2000chaotic,
  title={Chaotic oscillators derived from sinusoidal oscillators based on the current feedback op amp},
  author={Elwakil, AS and Kennedy, MP},
  journal={Analog integrated circuits and signal processing},
  volume={24},
  number={3},
  pages={239--251},
  year={2000},
  publisher={Springer}
}

@article{murali1994simplest,
  title={The simplest dissipative nonautonomous chaotic circuit},
  author={Murali, K and Lakshmanan, Muthusamy and Chua, Leon O},
  journal={IEEE Transactions on Circuits and Systems I: Fundamental Theory and Applications},
  volume={41},
  number={6},
  pages={462--463},
  year={1994},
  publisher={IEEE}
}

@article{tchitnga2015chaos,
  title={Chaos in a single op-amp--based jerk circuit: Experiments and simulations},
  author={Tchitnga, Robert and Nguazon, Tekou and Fotso, Patrick H Louodop and Gallas, Jason AC},
  journal={IEEE Transactions on Circuits and Systems II: Express Briefs},
  volume={63},
  number={3},
  pages={239--243},
  year={2015},
  publisher={IEEE}
}

@article{negou2019minimal,
  title={A minimal three-term chaotic flow with coexisting routes to chaos, multiple solutions, and its analog circuit realization},
  author={Negou, Alexis Nguomkam and Kengne, Jacques},
  journal={Analog Integrated Circuits and Signal Processing},
  pages={1--15},
  year={2019},
  publisher={Springer}
}


@article{signing2018coexistence,
  title={Coexistence of hidden attractors, 2-torus and 3-torus in a new simple 4-D chaotic system with hyperbolic cosine nonlinearity},
  author={Signing, VR Folifack and Kengne, J},
  journal={International Journal of Dynamics and Control},
  volume={6},
  number={4},
  pages={1421--1428},
  year={2018},
  publisher={Springer}
}


@article{kengne2015coexistence,
  title={Coexistence of chaos with hyperchaos, period-3 doubling bifurcation, and transient chaos in the hyperchaotic oscillator with gyrators},
  author={Kengne, J},
  journal={International Journal of Bifurcation and Chaos},
  volume={25},
  number={04},
  pages={1550052},
  year={2015},
  publisher={World Scientific}
}


@article{njitacke2018nonlinear,
  title={Nonlinear dynamics of three-neurons-based Hopfield neural networks (HNNs): Remerging Feigenbaum trees, coexisting bifurcations and multiple attractors},
  author={Njitacke, ZT and Kengne, J},
  journal={Journal of Circuits, Systems and Computers},
  pages={1950121},
  year={2018},
  publisher={World Scientific}
}

@article{li2015multistability,
  title={Multistability in symmetric chaotic systems},
  author={Li, Chunbiao and Hu, Wen and Sprott, Julien Clinton and Wang, Xinhai},
  journal={The European Physical Journal Special Topics},
  volume={224},
  number={8},
  pages={1493--1506},
  year={2015},
  publisher={Springer}
}

@article{li2014coexisting,
  title={Coexisting hidden attractors in a 4-D simplified Lorenz system},
  author={Li, Chunbiao and Sprott, Julien Clinton},
  journal={International Journal of Bifurcation and Chaos},
  volume={24},
  number={03},
  pages={1450034},
  year={2014},
  publisher={World Scientific}
}

@article{lai2018coexisting,
  title={Coexisting attractors and circuit implementation of a new 4D chaotic system with two equilibria},
  author={Lai, Qiang and Nestor, Tsafack and Kengne, Jacques and Zhao, Xiao-Wen},
  journal={Chaos, Solitons \& Fractals},
  volume={107},
  pages={92--102},
  year={2018},
  publisher={Elsevier}
}

@article{chua1971memristor,
  title={Memristor-the missing circuit element},
  author={Chua, Leon},
  journal={IEEE Transactions on circuit theory},
  volume={18},
  number={5},
  pages={507--519},
  year={1971},
  publisher={IEEE}
}

@article{guang2013dynamical,
  title={Dynamical behaviors of a TiO2 memristor oscillator},
  author={Guang-Yi, Wang and Jie-Ling, He and Fang, Yuan and Cun-Jian, Peng},
  journal={Chinese Physics Letters},
  volume={30},
  number={11},
  pages={110506},
  year={2013},
  publisher={IOP Publishing}
}

@article{muthuswamy2010implementing,
  title={Implementing memristor based chaotic circuits},
  author={Muthuswamy, Bharathwaj},
  journal={International Journal of Bifurcation and Chaos},
  volume={20},
  number={05},
  pages={1335--1350},
  year={2010},
  publisher={World Scientific}
}

@article{itoh2008memristor,
  title={Memristor oscillators},
  author={Itoh, Makoto and Chua, Leon O},
  journal={International journal of bifurcation and chaos},
  volume={18},
  number={11},
  pages={3183--3206},
  year={2008},
  publisher={World Scientific}
}

@article{bo2011chaotic,
  title={Chaotic memristive circuit: equivalent circuit realization and dynamical analysis},
  author={Bo-Cheng, Bao and Jian-Ping, Xu and Guo-Hua, Zhou and Zheng-Hua, Ma and Ling, Zou},
  journal={Chinese Physics B},
  volume={20},
  number={12},
  pages={120502},
  year={2011},
  publisher={IOP Publishing}
}

@article{chen1999yet,
  title={Yet another chaotic attractor},
  author={Chen, Guanrong and Ueta, Tetsushi},
  journal={International Journal of Bifurcation and chaos},
  volume={9},
  number={07},
  pages={1465--1466},
  year={1999},
  publisher={World Scientific}
}

@article{li2014hyperchaos,
  title={Hyperchaos and horseshoe in a 4D memristive system with a line of equilibria and its implementation},
  author={Li, Qingdu and Hu, Shiyi and Tang, Song and Zeng, Guang},
  journal={International Journal of Circuit Theory and Applications},
  volume={42},
  number={11},
  pages={1172--1188},
  year={2014},
  publisher={Wiley Online Library}
}

@article{strogatz1994nonlinear,
  title={Nonlinear dynamics and chaos: With applications to physics, biology, chemistry, and engineering},
  author={Strogatz, Steven H and Friedman, Mark and Mallinckrodt, A John and McKay, Susan and others},
  journal={Computers in Physics},
  volume={8},
  number={5},
  pages={532--532},
  year={1994},
  publisher={AIP}
}

@article{wolf1985determining,
  title={Determining Lyapunov exponents from a time series},
  author={Wolf, Alan and Swift, Jack B and Swinney, Harry L and Vastano, John A},
  journal={Physica D: Nonlinear Phenomena},
  volume={16},
  number={3},
  pages={285--317},
  year={1985},
  publisher={Elsevier}
}

@article{frederickson1983liapunov,
  title={The Liapunov dimension of strange attractors},
  author={Frederickson, Paul and Kaplan, James L and Yorke, Ellen D and Yorke, James A},
  journal={Journal of differential equations},
  volume={49},
  number={2},
  pages={185--207},
  year={1983},
  publisher={Elsevier}
}

@article{kuznetsov2018finite,
  title={Finite-time Lyapunov dimension and hidden attractor of the Rabinovich system},
  author={Kuznetsov, NV and Leonov, GA and Mokaev, TN and Prasad, A and Shrimali, MD},
  journal={Nonlinear dynamics},
  volume={92},
  number={2},
  pages={267--285},
  year={2018},
  publisher={Springer}
}

@article{dawson1992antimonotonicity,
  title={Antimonotonicity: inevitable reversals of period-doubling cascades},
  author={Dawson, Silvina P and Grebogi, Celso and Yorke, James A and Kan, Ittai and Ko{\c{c}}ak, H{\"u}seyin},
  journal={Physics Letters A},
  volume={162},
  number={3},
  pages={249--254},
  year={1992},
  publisher={Elsevier}
}

@article{ren2018new,
  title={A new chaotic flow with hidden attractor: The first hyperjerk system with no equilibrium},
  author={Ren, Shuili and Panahi, Shirin and Rajagopal, Karthikeyan and Akgul, Akif and Pham, Viet-Thanh and Jafari, Sajad},
  journal={Zeitschrift f{\"u}r Naturforschung A},
  volume={73},
  number={3},
  pages={239--249},
  year={2018},
  publisher={De Gruyter}
}

@article{li2017new,
  title={A new chaotic oscillator with free control},
  author={Li, Chunbiao and Sprott, Julien Clinton and Akgul, Akif and Iu, Herbert HC and Zhao, Yibo},
  journal={Chaos: An Interdisciplinary Journal of Nonlinear Science},
  volume={27},
  number={8},
  pages={083101},
  year={2017},
  publisher={AIP Publishing}
}

@article{li2017infinite,
  title={An infinite 2-D lattice of strange attractors},
  author={Li, Chunbiao and Sprott, Julien Clinton and Mei, Yong},
  journal={Nonlinear Dynamics},
  volume={89},
  number={4},
  pages={2629--2639},
  year={2017},
  publisher={Springer}
}

@article{li2018infinite,
  title={An infinite 3-D quasiperiodic lattice of chaotic attractors},
  author={Li, Chunbiao and Sprott, Julien Clinton},
  journal={Physics Letters A},
  volume={382},
  number={8},
  pages={581--587},
  year={2018},
  publisher={Elsevier}
}

@article{bo2010transient,
  title={Transient chaos in smooth memristor oscillator},
  author={Bo-Cheng, Bao and Zhong, Liu and Jian-Ping, Xu},
  journal={Chinese Physics B},
  volume={19},
  number={3},
  pages={030510},
  year={2010},
  publisher={IOP Publishing}
}

@article{chen1995chaotic,
  title={Chaotic simulated annealing by a neural network model with transient chaos},
  author={Chen, Luonan and Aihara, Kazuyuki},
  journal={Neural networks},
  volume={8},
  number={6},
  pages={915--930},
  year={1995},
  publisher={Elsevier}
}

@article{tsafack2018novel,
  title={A novel autonomous 5-d hyperjerk RC circuit with hyperbolic sine function},
  author={Tsafack, N and Kengne, J},
  journal={The Scientific World Journal},
  volume={2018},
  year={2018},
  publisher={Hindawi}
}

@article{kengne2015periodicity,
  title={Periodicity, chaos, and multiple attractors in a memristor-based Shinriki's circuit},
  author={Kengne, J and Njitacke Tabekoueng, Z and Kamdoum Tamba, V and Nguomkam Negou, A},
  journal={Chaos: An Interdisciplinary Journal of Nonlinear Science},
  volume={25},
  number={10},
  pages={103126},
  year={2015},
  publisher={AIP Publishing}
}

@inproceedings{lai1990proposal,
  title={A proposal for a new block encryption standard},
  author={Lai, Xuejia and Massey, James L},
  booktitle={Workshop on the Theory and Application of of Cryptographic Techniques},
  pages={389--404},
  year={1990},
  organization={Springer}
}

@article{zhang2014highly,
  title={Highly nonlinear balanced S-boxes with good differential properties},
  author={Zhang, WeiGuo and Pasalic, Enes},
  journal={IEEE Transactions on Information Theory},
  volume={60},
  number={12},
  pages={7970--7979},
  year={2014},
  publisher={IEEE}
}

@article{blondeau2015perfect,
  title={Perfect nonlinear functions and cryptography},
  author={Blondeau, C{\'e}line and Nyberg, Kaisa},
  journal={Finite fields and their applications},
  volume={32},
  pages={120--147},
  year={2015},
  publisher={Elsevier}
}

@article{el2019novel,
  title={A novel image steganography technique based on quantum substitution boxes},
  author={EL-Latif, Ahmed A Abd and Abd-El-Atty, Bassem and Venegas-Andraca, Salvador E},
  journal={Optics \& Laser Technology},
  volume={116},
  pages={92--102},
  year={2019},
  publisher={Elsevier}
}

@article{khan2018novel,
  title={A novel construction of substitution box for image encryption applications with Gingerbreadman chaotic map and S 8 permutation},
  author={Khan, Majid and Asghar, Zeeshan},
  journal={Neural Computing and Applications},
  volume={29},
  number={4},
  pages={993--999},
  year={2018},
  publisher={Springer}
}

@article{wang2012novel,
  title={A novel method to design S-box based on chaotic map and genetic algorithm},
  author={Wang, Yong and Wong, Kwok-Wo and Li, Changbing and Li, Yang},
  journal={Physics Letters A},
  volume={376},
  number={6-7},
  pages={827--833},
  year={2012},
  publisher={Elsevier}
}

@article{el2013new,
  title={A new approach to chaotic image encryption based on quantum chaotic system, exploiting color spaces},
  author={El-Latif, Ahmed A Abd and Li, Li and Wang, Ning and Han, Qi and Niu, Xiamu},
  journal={Signal Processing},
  volume={93},
  number={11},
  pages={2986--3000},
  year={2013},
  publisher={Elsevier}
}

@article{belazi2016novel,
  title={A novel image encryption scheme based on substitution-permutation network and chaos},
  author={Belazi, Akram and El-Latif, Ahmed A Abd and Belghith, Safya},
  journal={Signal Processing},
  volume={128},
  pages={155--170},
  year={2016},
  publisher={Elsevier}
}

@inproceedings{li2017quantum,
  title={Quantum color image encryption based on multiple discrete chaotic systems},
  author={Li, Li and Abd-El-Atty, Bassem and El-Latif, Ahmed A Abd and Ghoneim, Ahmed},
  booktitle={2017 Federated Conference on Computer Science and Information Systems (FedCSIS)},
  pages={555--559},
  year={2017},
  organization={IEEE}
}

@article{luo2018parallel,
  title={A parallel image encryption algorithm based on the piecewise linear chaotic map and hyper-chaotic map},
  author={Luo, Yuling and Zhou, Ronglong and Liu, Junxiu and Cao, Yi and Ding, Xuemei},
  journal={Nonlinear Dynamics},
  volume={93},
  number={3},
  pages={1165--1181},
  year={2018},
  publisher={Springer}
}

@article{el2017robust,
  title={Robust encryption of quantum medical images},
  author={El-Latif, Ahmed A Abd and Abd-El-Atty, Bassem and Talha, Muhammad},
  journal={IEEE Access},
  volume={6},
  pages={1073--1081},
  year={2018},
  publisher={IEEE}
}
