@article{sung2022simultaneous,
  title={Simultaneous emulation of synaptic and intrinsic plasticity using a memristive synapse},
  author={Sung, Sang Hyun and Kim, Tae Jin and Shin, Hyera and Im, Tae Hong and Lee, Keon Jae},
  journal={Nature Communications},
  volume={13},
  number={1},
  pages={1--12},
  year={2022},
  publisher={Nature Publishing Group}
}
@incollection{abbott1990model,
  title={Model neurons: from hodgkin-huxley to hopfield},
  author={Abbott, Larry F and Kepler, Thomas B},
  booktitle={Statistical mechanics of neural networks},
  pages={5--18},
  year={1990},
  publisher={Springer}
}

@article{nouri2015digital,
  title={Digital multiplierless implementation of the biological FitzHugh--Nagumo model},
  author={Nouri, Moslem and Karimi, Gh R and Ahmadi, Arash and Abbott, Derek},
  journal={Neurocomputing},
  volume={165},
  pages={468--476},
  year={2015},
  publisher={Elsevier}
}

@article{song2019autapse,
  title={Autapse-induced firing patterns transitions in the Morris--Lecar neuron model},
  author={Song, Xinlin and Wang, Hengtong and Chen, Yong},
  journal={Nonlinear Dynamics},
  volume={96},
  number={4},
  pages={2341--2350},
  year={2019},
  publisher={Springer}
}

@article{cai2021smooth,
  title={Smooth nonlinear fitting scheme for analog multiplierless implementation of Hindmarsh--Rose neuron model},
  author={Cai, Jianming and Bao, Han and Xu, Quan and Hua, Zhongyun and Bao, Bocheng},
  journal={Nonlinear Dynamics},
  volume={104},
  number={4},
  pages={4379--4389},
  year={2021},
  publisher={Springer}
}

@article{xu2020bifurcations,
  title={Bifurcations to bursting and spiking in the Chay neuron and their validation in a digital circuit},
  author={Xu, Quan and Tan, Xiao and Zhu, Dong and Bao, Han and Hu, Yihua and Bao, Bocheng},
  journal={Chaos, Solitons \& Fractals},
  volume={141},
  pages={110353},
  year={2020},
  publisher={Elsevier}
}

@article{bao2019dynamical,
  title={Dynamical effects of neuron activation gradient on Hopfield neural network: Numerical analyses and hardware experiments},
  author={Bao, Bocheng and Chen, Chengjie and Bao, Han and Zhang, Xi and Xu, Quan and Chen, Mo},
  journal={International Journal of Bifurcation and Chaos},
  volume={29},
  number={04},
  pages={1930010},
  year={2019},
  publisher={World Scientific}
}

@article{tlelo2022optimization,
  title={Optimization of fractional-order chaotic cellular neural networks by metaheuristics},
  author={Tlelo-Cuautle, Esteban and Gonz{\'a}lez-Zapata, Astrid Maritza and D{\'\i}az-Mu{\~n}oz, Jonathan Daniel and de la Fraga, Luis Gerardo and Cruz-Vega, Israel},
  journal={The European Physical Journal Special Topics},
  pages={1--7},
  year={2022},
  publisher={Springer}
}

@article{njitacke2021window,
  title={Window of multistability and its control in a simple 3D Hopfield neural network: application to biomedical image encryption},
  author={Njitacke, Zeric Tabekoueng and Isaac, Sami Doubla and Nestor, Tsafack and Kengne, Jacques},
  journal={Neural Computing and Applications},
  volume={33},
  number={12},
  pages={6733--6752},
  year={2021},
  publisher={Springer}
}

@article{razvan2020emergence,
  title={Emergence of bursting in two coupled neurons of different types of excitability},
  author={Razvan, Mohammad Reza and Yasaman, Somaye},
  journal={Chaos, Solitons \& Fractals},
  volume={132},
  pages={109482},
  year={2020},
  publisher={Elsevier}
}

@article{lin2021review,
  title={Review on chaotic dynamics of memristive neuron and neural network},
  author={Lin, Hairong and Wang, Chunhua and Deng, Quanli and Xu, Cong and Deng, Zekun and Zhou, Chao},
  journal={Nonlinear Dynamics},
  volume={106},
  number={1},
  pages={959--973},
  year={2021},
  publisher={Springer}
}

@article{njitacke2022hamilton,
  title={Hamilton energy, complex dynamical analysis and information patterns of a new memristive FitzHugh-Nagumo neural network},
  author={Njitacke, Zeric Tabekoueng and Takembo, Clovis Ntahkie and Awrejcewicz, Jan and Fouda, Henri Paul Ekobena and Kengne, Jacques},
  journal={Chaos, Solitons \& Fractals},
  volume={160},
  pages={112211},
  year={2022},
  publisher={Elsevier}
}

@article{tan2020simple,
  title={A simple locally active memristor and its application in HR neurons},
  author={Tan, Yumei and Wang, Chunhua},
  journal={Chaos: An Interdisciplinary Journal of Nonlinear Science},
  volume={30},
  number={5},
  pages={053118},
  year={2020},
  publisher={AIP Publishing LLC}
}

@incollection{parameshachari2022medical,
  title={Medical image encryption using SCAN technique and chaotic tent map system},
  author={Parameshachari, BD and Panduranga, HT and others},
  booktitle={Recent Advances in Artificial Intelligence and Data Engineering},
  pages={181--193},
  year={2022},
  publisher={Springer}
}

@article{njitacke2021complex,
  title={Complex dynamics from heterogeneous coupling and electromagnetic effect on two neurons: Application in images encryption},
  author={Njitacke, Zeric Tabekoueng and Tsafack, Nestor and Ramakrishnan, Balamurali and Rajagopal, Kartikeyan and Kengne, Jacques and Awrejcewicz, Jan},
  journal={Chaos, Solitons \& Fractals},
  volume={153},
  pages={111577},
  year={2021},
  publisher={Elsevier}
}

@article{ahmad2018random,
  title={Random search based efficient chaotic substitution box design for image encryption},
  author={Ahmad, Musheer and Ahmad, Zishan},
  journal={International Journal of Rough Sets and Data Analysis (IJRSDA)},
  volume={5},
  number={2},
  pages={131--147},
  year={2018},
  publisher={IGI Global}
}

@article{abd2019novel,
  title={A novel image steganography technique based on quantum substitution boxes},
  author={Abd EL-Latif, Ahmed A and Abd-El-Atty, Bassem and Venegas-Andraca, Salvador E},
  journal={Optics \& Laser Technology},
  volume={116},
  pages={92--102},
  year={2019},
  publisher={Elsevier}
}

@article{ccavucsouglu2022s,
  title={S-Box-based video stenography application of variable-order fractional hopfield neural network (VFHNN)},
  author={{\c{C}}avu{\c{s}}o{\u{g}}lu, {\"U}nal},
  journal={The European Physical Journal Special Topics},
  pages={1--19},
  year={2022},
  publisher={Springer}
}

@article{silva2018substitution,
  title={Substitution box generation using Chaos: An image encryption application},
  author={Silva-Garc{\'\i}a, VM and Flores-Carapia, Rolando and Renter{\'\i}a-M{\'a}rquez, Carlos and Luna-Benoso, B and Aldape-P{\'e}rez, Mario},
  journal={Applied Mathematics and Computation},
  volume={332},
  pages={123--135},
  year={2018},
  publisher={Elsevier}
}

@article{zhang2018design,
  title={Design of highly nonlinear substitution boxes based on I-Ching operators},
  author={Zhang, Tong and Chen, CL Philip and Chen, Long and Xu, Xiangmin and Hu, Bin},
  journal={IEEE transactions on cybernetics},
  volume={48},
  number={12},
  pages={3349--3358},
  year={2018},
  publisher={IEEE}
}

@article{wang2019visually,
  title={A visually secure image encryption scheme based on parallel compressive sensing},
  author={Wang, Hui and Xiao, Di and Li, Min and Xiang, Yanping and Li, Xinyan},
  journal={Signal Processing},
  volume={155},
  pages={218--232},
  year={2019},
  publisher={Elsevier}
}

@article{canh2021restricted,
  title={Restricted structural random matrix for compressive sensing},
  author={Canh, Thuong Nguyen and Jeon, Byeungwoo},
  journal={Signal Processing: Image Communication},
  volume={90},
  pages={116017},
  year={2021},
  publisher={Elsevier}
}

@article{singh2022improved,
  title={An Improved Encryption--Compression-based Algorithm for Securing Digital Images},
  author={Singh, Kedar Nath and Singh, Amit Kumar},
  journal={ACM Journal of Data and Information Quality},
  year={2022},
  publisher={ACM New York, NY}
}

@article{ding2020deepedn,
  title={DeepEDN: a deep-learning-based image encryption and decryption network for internet of medical things},
  author={Ding, Yi and Wu, Guozheng and Chen, Dajiang and Zhang, Ning and Gong, Linpeng and Cao, Mingsheng and Qin, Zhiguang},
  journal={IEEE Internet of Things Journal},
  volume={8},
  number={3},
  pages={1504--1518},
  year={2020},
  publisher={IEEE}
}

@article{tellez2019neural,
  title={Neural image compression for gigapixel histopathology image analysis},
  author={Tellez, David and Litjens, Geert and van der Laak, Jeroen and Ciompi, Francesco},
  journal={IEEE transactions on pattern analysis and machine intelligence},
  volume={43},
  number={2},
  pages={567--578},
  year={2019},
  publisher={IEEE}
}

@inproceedings{xu2021invertible,
  title={Invertible Resampling-Based Layered Image Compression},
  author={Xu, Youmin and Zhang, Jian},
  booktitle={2021 Data Compression Conference (DCC)},
  pages={380--380},
  year={2021},
  organization={IEEE}
}

@article{wang2019visually,
  title={A visually secure image encryption scheme based on parallel compressive sensing},
  author={Wang, Hui and Xiao, Di and Li, Min and Xiang, Yanping and Li, Xinyan},
  journal={Signal Processing},
  volume={155},
  pages={218--232},
  year={2019},
  publisher={Elsevier}
}

@article{zhang2022high,
  title={High-efficiency and visual-usability image encryption based on thumbnail preserving and chaotic system},
  author={Zhang, Yongming and Zhao, Ruoyu and Zhang, Yushu and Lan, Rushi and Chai, Xiuli},
  journal={Journal of King Saud University-Computer and Information Sciences},
  year={2022},
  publisher={Elsevier}
}

@article{ren2022visually,
  title={A Visually Secure Image Encryption Based on the Fractional Lorenz System and Compressive Sensing},
  author={Ren, Hua and Niu, Shaozhang and Chen, Jiajun and Li, Ming and Yue, Zhen},
  journal={Fractal and Fractional},
  volume={6},
  number={6},
  pages={302},
  year={2022},
  publisher={Multidisciplinary Digital Publishing Institute}
}

@article{huang2022visually,
  title={Visually asymmetric image encryption algorithm based on SHA-3 and compressive sensing by embedding encrypted image},
  author={Huang, Xiaoling and Dong, Youxia and Zhu, Hongyong and Ye, Guodong},
  journal={Alexandria Engineering Journal},
  volume={61},
  number={10},
  pages={7637--7647},
  year={2022},
  publisher={Elsevier}
}
