@article{dong2022zero,
  title={Zero-Hopf Bifurcation of a memristive synaptic Hopfield neural network with time delay},
  author={Dong, Tao and Gong, Xiaomei and Huang, Tingwen},
  journal={Neural Networks},
  volume={149},
  pages={146--156},
  year={2022},
  publisher={Elsevier}
}
