@article{hua2022single,
  title={A single neuron model with memristive synaptic weight},
  author={Hua, Mengjie and Bao, Han and Wu, Huagan and Xu, Quan and Bao, Bocheng},
  journal={Chinese Journal of Physics},
  volume={76},
  pages={217--227},
  year={2022},
  publisher={Elsevier}
}
